@inproceedings{4,
title={Confining wi-fi coverage: A crowdsoured method using physical layer information},
author={Lu,Bingxian and Zeng,Zhicheng and Wang,Lei and B.Peck and Qiao, Daji and M.Segal },
booktitle={Proc. of IEEE SECON},
year={2016}}
@inproceedings{5,
  
title={Decimeter-level localization with a single WiFi access point},
 
 author={Vasisht, Deepak and Kumar, Swarun and Katabi, Dina},
 
 booktitle={Proc. of USENIX NSDI},
 
 year={2016}
}

@inproceedings{6,
 author = {Cheng, Linsong and Wang, Jiliang},
 title = {How Can I Guard My AP?: Non-intrusive User Identification for Mobile Devices Using WiFi Signals},
 booktitle = {Proc. of ACM MobiHoc},
 year = {2016},
}
@inproceedings{7,
 author = {Sheth, Anmol and Seshan, Srinivasan and Wetherall, David},
 title = {Geo-fencing: Confining Wi-Fi Coverage to Physical Boundaries},
 booktitle = {Springer Pervasive, LNCS},
 year = {2009},
} 
@inproceedings{8,
  
title={LiFi: Line-Of-Sight Identification with WiFi},
  
author={Zhou, Zimu and Yang, Zheng and Wu, Chenshu and Sun, Wei and Liu, Yunhao},
  
booktitle={Proc. of IEEE INFOCOM},
  year={2014}
}

@inproceedings{9,
 author = {Wang, Yan and Yang, Jie and Chen, Yingying and Liu, Hongbo and Gruteser, Marco and Martin, Richard P.},
 title = {Tracking Human Queues Using Single-point Signal Monitoring},
 booktitle = {Proc. of ACM MobiSys},
 year = {2014},
} 
@inproceedings{10, 
author={J. Xiao and K. Wu and Y. Yi and L. Wang and L. M. Ni}, 
booktitle={Proc. of IEEE ICPADS}, 
title={FIMD: Fine-grained Device-free Motion Detection}, 
year={2012}, 
}
@inproceedings{11,
 author = {Zeng, Yunze and Pathak, Parth H. and Mohapatra, Prasant},
 title = {Analyzing Shopper's Behavior Through WiFi Signals},
 booktitle = {Proc. of ACM WPA}, 
 year = {2015},
} 
 
@inproceedings{12,
 author = {Sen, Souvik and Lee, Jeongkeun and Kim, Kyu-Han and Congdon, Paul},
 title = {Avoiding Multipath to Revive Inbuilding WiFi Localization},
 booktitle = {Proc. of ACM MobiSys},
 year = {2013},
} 
@inproceedings{13,
 author = {Yang, Zheng and Wu, Chenshu and Liu, Yunhao},
 title = {Locating in Fingerprint Space: Wireless Indoor Localization with Little Human Intervention},
 booktitle = {Proc. of ACM Mobicom},
 year = {2012},}

@inproceedings{14,
  
title={WiFall: Device-free fall detection by wireless networks},
 
 author={Han, Chunmei and Wu, Kaishun and Wang, Yuxi and Ni, Lionel M},
 
 booktitle={Proc. of IEEE INFOCOM},
  year={2014}
}


@inproceedings{15,
  title={Himloc: Indoor smartphone localization via activity aware pedestrian dead reckoning with selective crowdsourced wifi fingerprinting},
  author={Radu, Valentin and Marina, Mahesh K},
  booktitle={Proc. of IEEE IPIN},
  year={2013},

}
@inproceedings{16,
 author = {Wang, Yan and Liu, Jian and Chen, Yingying and Gruteser, Marco and Yang, Jie and Liu, Hongbo},
 title = {E-eyes: Device-free Location-oriented Activity Identification Using Fine-grained WiFi Signatures},
 booktitle = {Proc. of ACM Mobicom},
 year = {2014},
}
@article{17, 
author={C. Wu and Z. Yang and Z. Zhou and X. Liu and Y. Liu and J. Cao}, 
journal={IEEE Journal on Selected Areas in Communications}, 
title={Non-Invasive Detection of Moving and Stationary Human With WiFi}, 
year={2015}, 
volume={33}, 
number={11}, 
pages={2329-2342},
}
@inproceedings{18, 
author={Z. Zhou and Z. Yang and C. Wu and Y. Liu and L. M. Ni}, 
booktitle={Proc. of ACM ICDCS}, 
title={On Multipath Link Characterization and Adaptation for Device-Free Human Detection}, 
year={2015}, 
}

@inproceedings{19,
 author = {Rai, Anshul and Chintalapudi, Krishna Kant and Padmanabhan, Venkata N. and Sen, Rijurekha},
 title = {Zee: Zero-effort Crowdsourcing for Indoor Localization},
 booktitle = {Proc. of ACM Mobicom},
 year = {2012},
}
 
@inproceedings{20,
 author = {Kumar, Swarun and Gil, Stephanie and Katabi, Dina and Rus, Daniela},
 title = {Accurate Indoor Localization with Zero Start-up Cost},
 booktitle = {Proc. of  ACM Mobicom},
 year = {2014},

}
@inproceedings{21,
  
title={RADAR: An in-building {RF-based} user location and tracking system},
 
 author={Bahl, Paramvir and Padmanabhan, Venkata N},
 
 booktitle={Proc. of IEEE INFOCOM},
 
 year={2000}
}


@article{22,
  
title={Communicating is crowdsourcing: {Wi-Fi} indoor localization with {CSI-based} speed estimation},
  
author={Jiang, Zhi-Ping and Xi, Wei and Li, Xiangyang and Tang, Shaojie and Zhao, Ji-Zhong and Han, Jin-Song and Zhao, Kun and Wang, Zhi and Xiao, Bo},
 
 journal={Journal of Computer Science and Technology},
  
volume={29},
  number={4},
  pages={589--604},
 
 year={2014},
 
 publisher={Springer}
}


@inproceedings{23,
  title={Fila: Fine-grained indoor localization},
  author={Wu, Kaishun and Xiao, Jiang and Yi, Youwen and Gao, Min and Ni, Lionel M},
  booktitle={Proc. of IEEE INFOCOM},
  year={2012}
}
@inproceedings{24,
  title={{FreeLoc}: Calibration-free crowdsourced indoor localization},
  author={Yang, Sungwon and Dessai, Pralav and Verma, Mansi and Gerla, Mario},
  booktitle={Proc. of IEEE INFOCOM},
  year={2013}
}
